<?xml version="1.0" encoding="UTF-8"?><collection xmlns="http://www.loc.gov/MARC21/slim"><record><leader>00390nam--2200121-i-4500</leader><controlfield tag="001">000001798</controlfield><controlfield tag="002">20161230</controlfield><controlfield tag="005">20161230201024</controlfield><controlfield tag="008">060222s1000------------r-----000-0-eng-d</controlfield><datafield ind1=" " ind2=" " tag="080"><subfield code="a">621.039</subfield></datafield><datafield ind1=" " ind2=" " tag="245"><subfield code="a">Giornate dell energia nucleara 1964. applicazioni industriali dell energia nucleare:statoattuale e prospettive, milano, 10-12 dicembre</subfield></datafield><datafield ind1=" " ind2=" " tag="260"><subfield code="a">Roma, C.N.E.N., 1965. 354 P</subfield></datafield><datafield ind1=" " ind2=" " tag="852"><subfield code="a">25942</subfield></datafield></record></collection>